<record><leader>00000cas a22000007a 4500</leader><controlfield tag="001">25375495</controlfield><controlfield tag="008">920302c199u9999vauwr n       0   a0eng d</controlfield><datafield ind1=" " ind2=" " tag="010"><subfield code="a">sn 92003167 </subfield></datafield><datafield ind1=" " ind2=" " tag="040"><subfield code="a">NSD</subfield><subfield code="b">eng</subfield><subfield code="c">NSD</subfield><subfield code="d">OCLCQ</subfield><subfield code="d">UME</subfield><subfield code="d">DCN</subfield><subfield code="d">OCLCQ</subfield><subfield code="d">OCLCF</subfield><subfield code="d">OCLCO</subfield></datafield><datafield ind1=" " ind2=" " tag="012"><subfield code="l">r</subfield></datafield><datafield ind1=" " ind2=" " tag="019"><subfield code="a">28317275</subfield></datafield><datafield ind1="0" ind2=" " tag="022"><subfield code="a">1061-4532</subfield><subfield code="l">1061-4532</subfield><subfield code="2">1</subfield></datafield><datafield ind1=" " ind2=" " tag="037"><subfield code="b">Davis Communications Group, Inc., 901 N. Washington St., Ste., 603, Alexandria, VA 22314</subfield></datafield><datafield ind1=" " ind2=" " tag="042"><subfield code="a">nsdp</subfield><subfield code="a">msc</subfield></datafield><datafield ind1="1" ind2="0" tag="082"><subfield code="a">071</subfield><subfield code="2">12</subfield></datafield><datafield ind1="0" ind2=" " tag="130"><subfield code="a">Metro herald (Alexandria, Va.)</subfield></datafield><datafield ind1="0" ind2=" " tag="210"><subfield code="a">Metro her.</subfield><subfield code="b">(Alex. Va.)</subfield></datafield><datafield ind1=" " ind2="4" tag="222"><subfield code="a">The Metro herald</subfield><subfield code="b">(Alexandria, Va.)</subfield></datafield><datafield ind1="1" ind2="4" tag="245"><subfield code="a">The Metro herald.</subfield></datafield><datafield ind1=" " ind2=" " tag="260"><subfield code="a">Alexandria, Va. :</subfield><subfield code="b">Davis Communications Group</subfield></datafield><datafield ind1=" " ind2=" " tag="300"><subfield code="a">v.</subfield></datafield><datafield ind1=" " ind2=" " tag="310"><subfield code="a">Weekly</subfield></datafield><datafield ind1=" " ind2=" " tag="588"><subfield code="a">Description based on: Vol. 3, no. 9 (Feb. 28, 1992).</subfield></datafield><datafield ind1=" " ind2=" " tag="588"><subfield code="a">Latest issue consulted: Vol. 3, no. 13 (Mar. 27, 1992).</subfield></datafield><datafield ind1=" " ind2="0" tag="650"><subfield code="a">African Americans</subfield><subfield code="v">Periodicals.</subfield></datafield><datafield ind1=" " ind2="7" tag="655"><subfield code="a">Periodicals.</subfield><subfield code="2">fast</subfield><subfield code="0">(OCoLC)fst01411641</subfield></datafield><datafield ind1=" " ind2="7" tag="650"><subfield code="a">African Americans.</subfield><subfield code="2">fast</subfield><subfield code="0">(OCoLC)fst00799558</subfield></datafield><datafield ind1=" " ind2=" " tag="752"><subfield code="a">United States</subfield><subfield code="b">Virginia</subfield><subfield code="d">Alexandria.</subfield></datafield></record>